@article{sakr2014cloud,
  title={Cloud-hosted databases: technologies, challenges and opportunities},
  author={Sakr, Sherif},
  journal={Cluster Computing},
  volume={17},
  number={2},
  pages={487--502},
  year={2014},
  publisher={Springer}
}

@inproceedings{cecchet2008middleware,
  title={Middleware-based database replication: the gaps between theory and practice},
  author={Cecchet, Emmanuel and Candea, George and Ailamaki, Anastasia},
  booktitle={Proceedings of the 2008 ACM SIGMOD international conference on Management of data},
  pages={739--752},
  year={2008},
  organization={ACM}
}

@article{zhao2013framework,
  title={A framework for consumer-centric SLA management of cloud-hosted databases},
  author={Zhao, Liang and Sakr, Sherif and Liu, Anna},
  journal={IEEE Transactions on Services Computing},
  volume={8},
  number={4},
  pages={534--549},
  year={2013},
  publisher={IEEE}
}

@misc{FirebaseDoc,
  title = {Google Firebase Documentation},
  howpublished = {\url{https://firebase.google.com/docs}},
  note = {Accessed: 2019-06-25}
}

@misc{FirebasePricing,
  title = {Google Firebase Pricing},
  howpublished = {\url{https://firebase.google.com/pricing}},
  note = {Accessed: 2019-06-26}
}

@misc{NodeCluster,
  title = {Node Js Cluster},
  howpublished = {\url{https://nodejs.org/api/cluster.html}},
  note = {Accessed: 2019-06-26}
}

@misc{NodeJs,
  title = {Node Js},
  howpublished = {\url{https://nodejs.org/en/}},
  note = {Accessed: 2019-06-30}
}

@inproceedings{mateljan2010cloud,
  title={Cloud database-as-a-service (DaaS)-ROI},
  author={Mateljan, Vladimir and Cisic, D and Ogrizovic, D},
  booktitle={The 33rd International Convention MIPRO},
  pages={1185--1188},
  year={2010},
  organization={IEEE}
}

@article{tilkov2010node,
  title={Node. js: Using JavaScript to build high-performance network programs},
  author={Tilkov, Stefan and Vinoski, Steve},
  journal={IEEE Internet Computing},
  volume={14},
  number={6},
  pages={80--83},
  year={2010},
  publisher={IEEE}
}

@article{chaniotis2015node,
  title={Is Node. js a viable option for building modern web applications? A performance evaluation study},
  author={Chaniotis, Ioannis K and Kyriakou, Kyriakos-Ioannis D and Tselikas, Nikolaos D},
  journal={Computing},
  volume={97},
  number={10},
  pages={1023--1044},
  year={2015},
  publisher={Springer}
}

@book{doglio2015pro,
  title={Pro REST API Development with Node. js},
  author={Doglio, Fernando},
  year={2015},
  publisher={Apress}
}

@book{cheng2018build,
  title={Build Mobile Apps with Ionic 4 and Firebase},
  author={Cheng, Fu and Cheng, Fu},
  year={2018},
  publisher={Springer}
}

@article{almootassem2017cloud,
  title={A Cloud-based Service for Real-Time Performance Evaluation of NoSQL Databases},
  author={Almootassem, Omar and Husain, Syed Hamza and Parthipan, Denesh and Mahmoud, Qusay H},
  journal={arXiv preprint arXiv:1705.08317},
  year={2017}
}

@article{mccune2011node,
  title={Node. js paradigms and benchmarks},
  author={McCune, Robert Ryan},
  journal={Striegel, Grad Os F},
  volume={11},
  pages={86},
  year={2011}
}

@article{khawas2018application,
  title={Application of Firebase in Android App Development-A Study},
  author={Khawas, Chunnu and Shah, Pritam},
  journal={International Journal of Computer Applications},
  volume={975},
  pages={8887},
  year={2018}
}

@inproceedings{lei2014performance,
  title={Performance comparison and evaluation of web development technologies in php, python, and node. js},
  author={Lei, Kai and Ma, Yining and Tan, Zhi},
  booktitle={2014 IEEE 17th international conference on computational science and engineering},
  pages={661--668},
  year={2014},
  organization={IEEE}
}

@article{borges2015popularity,
  title={On the popularity of GitHub applications: A preliminary note},
  author={Borges, Hudson and Valente, Marco Tulio and Hora, Andre and Coelho, Jailton},
  journal={arXiv preprint arXiv:1507.00604},
  year={2015}
}

@misc{FirebaseSLA,
  title = {Firebase Service Level Agreement},
  howpublished = {\url{https://firebase.google.com/terms/service-level-agreement}},
  note = {Accessed: 2019-06-30}
}

@misc{FirebaseUsecases,
  title = {Firebase Usecases},
  howpublished = {\url{https://firebase.google.com/use-cases}},
  note = {Accessed: 2019-07-01}
}

@misc{ModuleCounts,
  title = {NPM Module Counts},
  howpublished = {\url{http://www.modulecounts.com/}},
  note = {Accessed: 2019-07-01}
}